<record><leader>00000cas a2200000 a 4500</leader><controlfield tag="001">2433365</controlfield><controlfield tag="008">760915d18651869alucr ne      0    0eng  </controlfield><datafield ind1=" " ind2=" " tag="010"><subfield code="a">sn 85025912 </subfield><subfield code="z">   76642540 </subfield></datafield><datafield ind1=" " ind2=" " tag="040"><subfield code="a">DLC</subfield><subfield code="b">eng</subfield><subfield code="c">DLC</subfield><subfield code="d">NPX</subfield><subfield code="d">NPU</subfield><subfield code="d">DLC</subfield><subfield code="d">CPN</subfield><subfield code="d">DLC</subfield><subfield code="d">CPN</subfield><subfield code="d">NYS</subfield><subfield code="d">CUI</subfield><subfield code="d">OCLCQ</subfield><subfield code="d">OCLCF</subfield></datafield><datafield ind1="1" ind2=" " tag="029"><subfield code="a">AU@</subfield><subfield code="b">000025824788</subfield></datafield><datafield ind1=" " ind2=" " tag="042"><subfield code="a">pcc</subfield></datafield><datafield ind1=" " ind2=" " tag="043"><subfield code="a">n-us-al</subfield></datafield><datafield ind1="0" ind2="0" tag="050"><subfield code="a">Newspaper 7011</subfield></datafield><datafield ind1=" " ind2="4" tag="050"><subfield code="a">AN</subfield></datafield><datafield ind1="0" ind2=" " tag="130"><subfield code="a">Huntsville advocate (Huntsville, Ala. : 1865)</subfield></datafield><datafield ind1="1" ind2="4" tag="245"><subfield code="a">The Huntsville advocate.</subfield></datafield><datafield ind1="1" ind2="3" tag="246"><subfield code="a">Semi-weekly Huntsville advocate</subfield></datafield><datafield ind1=" " ind2=" " tag="260"><subfield code="a">Huntsville, Ala. :</subfield><subfield code="b">W.B. Figures</subfield></datafield><datafield ind1=" " ind2=" " tag="300"><subfield code="a">v. :</subfield><subfield code="b">ill. (chiefly advertisements)</subfield></datafield><datafield ind1=" " ind2=" " tag="310"><subfield code="a">Semiweekly,</subfield><subfield code="b">&lt;May 2, 1866-Dec. 31, 1869&gt;</subfield></datafield><datafield ind1=" " ind2=" " tag="321"><subfield code="a">Weekly,</subfield><subfield code="b">&lt;July 12-Dec. 21, 1865&gt;</subfield></datafield><datafield ind1="0" ind2=" " tag="362"><subfield code="a">-v. 5, no. 425 (Dec. 31, 1869).</subfield></datafield><datafield ind1="1" ind2=" " tag="362"><subfield code="a">Began with July 5, 1865 issue.</subfield></datafield><datafield ind1=" " ind2=" " tag="500"><subfield code="a">"Republican." Ellison, R.C. Hist. and bibliography of Ala. newspapers in the 19th cent.</subfield></datafield><datafield ind1=" " ind2=" " tag="525"><subfield code="a">Supplements accompany some issues.</subfield></datafield><datafield ind1=" " ind2=" " tag="530"><subfield code="a">Also issued on microfilm from the University of Alabama.</subfield></datafield><datafield ind1=" " ind2=" " tag="588"><subfield code="a">Description based on: Vol. 1, no. 2 (July 12, 1865).</subfield></datafield><datafield ind1=" " ind2="0" tag="651"><subfield code="a">Huntsville (Ala.)</subfield><subfield code="v">Newspapers.</subfield></datafield><datafield ind1=" " ind2="0" tag="651"><subfield code="a">Madison County (Ala.)</subfield><subfield code="v">Newspapers.</subfield></datafield><datafield ind1=" " ind2="7" tag="655"><subfield code="a">Newspapers.</subfield><subfield code="2">fast</subfield><subfield code="0">(OCoLC)fst01423814</subfield></datafield><datafield ind1=" " ind2="7" tag="651"><subfield code="a">Alabama</subfield><subfield code="z">Huntsville.</subfield><subfield code="2">fast</subfield><subfield code="0">(OCoLC)fst01205426</subfield></datafield><datafield ind1=" " ind2="7" tag="651"><subfield code="a">Alabama</subfield><subfield code="z">Madison County.</subfield><subfield code="2">fast</subfield><subfield code="0">(OCoLC)fst01204324</subfield></datafield><datafield ind1=" " ind2=" " tag="752"><subfield code="a">United States</subfield><subfield code="b">Alabama</subfield><subfield code="c">Madison</subfield><subfield code="d">Huntsville.</subfield></datafield><datafield ind1="0" ind2="0" tag="780"><subfield code="t">Southern advocate</subfield><subfield code="w">(DLC)sn 85025914</subfield><subfield code="w">(OCoLC)2433351</subfield></datafield><datafield ind1="0" ind2="0" tag="785"><subfield code="t">Weekly Huntsville advocate</subfield><subfield code="w">(DLC)sn 87050038</subfield><subfield code="w">(OCoLC)15130451</subfield></datafield></record>